%YAML 1.1
%TAG !u! tag:unity3d.com,2011:
--- !u!114 &1136217165543112286
MonoBehaviour:
  m_ObjectHideFlags: 0
  m_CorrespondingSourceObject: {fileID: 0}
  m_PrefabInstance: {fileID: 0}
  m_PrefabAsset: {fileID: 0}
  m_GameObject: {fileID: 3976535982461020676}
  m_Enabled: 1
  m_EditorHideFlags: 0
  m_Script: {fileID: 11500000, guid: cd86c894e0d2d49d28afe5672ffff2d0, type: 3}
  m_Name: 
  m_EditorClassIdentifier: 
  style: {fileID: 0}
  BackgroundView: {fileID: 6025913557877491549}
  TitleLabelView: {fileID: 6805981678859001649}
  SubtitleLabelView: {fileID: 876093340500980187}
  IconView: {fileID: 8749541788485684180}
  ButtonView: {fileID: 8880254813919258810}
  SeparatorView: {fileID: 2014910045107528433}
  ValueLabelView: {fileID: 8013007700785543173}
  ValueIconView: {fileID: 1673243120402736591}
--- !u!1001 &612261085856370535
PrefabInstance:
  m_ObjectHideFlags: 0
  serializedVersion: 2
  m_Modification:
    m_TransformParent: {fileID: 0}
    m_Modifications:
    - target: {fileID: 282886724071909123, guid: 1f1ccc4643fc14af5804fdf114a74c9d,
        type: 3}
      propertyPath: textComponent
      value: 
      objectReference: {fileID: 0}
    - target: {fileID: 564486620774027460, guid: 1f1ccc4643fc14af5804fdf114a74c9d,
        type: 3}
      propertyPath: textComponent
      value: 
      objectReference: {fileID: 0}
    - target: {fileID: 564486620774027464, guid: 1f1ccc4643fc14af5804fdf114a74c9d,
        type: 3}
      propertyPath: m_TargetGraphic
      value: 
      objectReference: {fileID: 0}
    - target: {fileID: 564486620774027527, guid: 1f1ccc4643fc14af5804fdf114a74c9d,
        type: 3}
      propertyPath: Button
      value: 
      objectReference: {fileID: 0}
    - target: {fileID: 564486620774027527, guid: 1f1ccc4643fc14af5804fdf114a74c9d,
        type: 3}
      propertyPath: TitleLabelView
      value: 
      objectReference: {fileID: 0}
    - target: {fileID: 611921263449675742, guid: 1f1ccc4643fc14af5804fdf114a74c9d,
        type: 3}
      propertyPath: m_TargetGraphic
      value: 
      objectReference: {fileID: 1673172078678748519}
    - target: {fileID: 627247280529594308, guid: 1f1ccc4643fc14af5804fdf114a74c9d,
        type: 3}
      propertyPath: textComponent
      value: 
      objectReference: {fileID: 0}
    - target: {fileID: 722547416401108662, guid: 1f1ccc4643fc14af5804fdf114a74c9d,
        type: 3}
      propertyPath: textComponent
      value: 
      objectReference: {fileID: 0}
    - target: {fileID: 1225230172776084012, guid: 1f1ccc4643fc14af5804fdf114a74c9d,
        type: 3}
      propertyPath: m_RootOrder
      value: 7
      objectReference: {fileID: 0}
    - target: {fileID: 1242442275163142510, guid: 1f1ccc4643fc14af5804fdf114a74c9d,
        type: 3}
      propertyPath: m_Interactable
      value: 0
      objectReference: {fileID: 0}
    - target: {fileID: 1772632828046547753, guid: 1f1ccc4643fc14af5804fdf114a74c9d,
        type: 3}
      propertyPath: BackgroundView
      value: 
      objectReference: {fileID: 6025913557877491549}
    - target: {fileID: 1772632828046547753, guid: 1f1ccc4643fc14af5804fdf114a74c9d,
        type: 3}
      propertyPath: TitleLabelView
      value: 
      objectReference: {fileID: 0}
    - target: {fileID: 1772632828046547753, guid: 1f1ccc4643fc14af5804fdf114a74c9d,
        type: 3}
      propertyPath: SubtitleLabelView
      value: 
      objectReference: {fileID: 0}
    - target: {fileID: 1772632828046547753, guid: 1f1ccc4643fc14af5804fdf114a74c9d,
        type: 3}
      propertyPath: IconView
      value: 
      objectReference: {fileID: 8749541788485684180}
    - target: {fileID: 1772632828046547753, guid: 1f1ccc4643fc14af5804fdf114a74c9d,
        type: 3}
      propertyPath: ButtonView
      value: 
      objectReference: {fileID: 0}
    - target: {fileID: 4344198105293625403, guid: 1f1ccc4643fc14af5804fdf114a74c9d,
        type: 3}
      propertyPath: m_LocalPosition.x
      value: 0
      objectReference: {fileID: 0}
    - target: {fileID: 4344198105293625403, guid: 1f1ccc4643fc14af5804fdf114a74c9d,
        type: 3}
      propertyPath: m_LocalPosition.y
      value: 0
      objectReference: {fileID: 0}
    - target: {fileID: 4344198105293625403, guid: 1f1ccc4643fc14af5804fdf114a74c9d,
        type: 3}
      propertyPath: m_LocalPosition.z
      value: 0
      objectReference: {fileID: 0}
    - target: {fileID: 4344198105293625403, guid: 1f1ccc4643fc14af5804fdf114a74c9d,
        type: 3}
      propertyPath: m_LocalRotation.x
      value: 0
      objectReference: {fileID: 0}
    - target: {fileID: 4344198105293625403, guid: 1f1ccc4643fc14af5804fdf114a74c9d,
        type: 3}
      propertyPath: m_LocalRotation.y
      value: 0
      objectReference: {fileID: 0}
    - target: {fileID: 4344198105293625403, guid: 1f1ccc4643fc14af5804fdf114a74c9d,
        type: 3}
      propertyPath: m_LocalRotation.z
      value: 0
      objectReference: {fileID: 0}
    - target: {fileID: 4344198105293625403, guid: 1f1ccc4643fc14af5804fdf114a74c9d,
        type: 3}
      propertyPath: m_LocalRotation.w
      value: 1
      objectReference: {fileID: 0}
    - target: {fileID: 4344198105293625403, guid: 1f1ccc4643fc14af5804fdf114a74c9d,
        type: 3}
      propertyPath: m_RootOrder
      value: 0
      objectReference: {fileID: 0}
    - target: {fileID: 4344198105293625403, guid: 1f1ccc4643fc14af5804fdf114a74c9d,
        type: 3}
      propertyPath: m_LocalEulerAnglesHint.x
      value: 0
      objectReference: {fileID: 0}
    - target: {fileID: 4344198105293625403, guid: 1f1ccc4643fc14af5804fdf114a74c9d,
        type: 3}
      propertyPath: m_LocalEulerAnglesHint.y
      value: 0
      objectReference: {fileID: 0}
    - target: {fileID: 4344198105293625403, guid: 1f1ccc4643fc14af5804fdf114a74c9d,
        type: 3}
      propertyPath: m_LocalEulerAnglesHint.z
      value: 0
      objectReference: {fileID: 0}
    - target: {fileID: 4344198105293625403, guid: 1f1ccc4643fc14af5804fdf114a74c9d,
        type: 3}
      propertyPath: m_AnchoredPosition.x
      value: 0
      objectReference: {fileID: 0}
    - target: {fileID: 4344198105293625403, guid: 1f1ccc4643fc14af5804fdf114a74c9d,
        type: 3}
      propertyPath: m_AnchoredPosition.y
      value: 0
      objectReference: {fileID: 0}
    - target: {fileID: 4344198105293625403, guid: 1f1ccc4643fc14af5804fdf114a74c9d,
        type: 3}
      propertyPath: m_SizeDelta.x
      value: 0
      objectReference: {fileID: 0}
    - target: {fileID: 4344198105293625403, guid: 1f1ccc4643fc14af5804fdf114a74c9d,
        type: 3}
      propertyPath: m_SizeDelta.y
      value: 0
      objectReference: {fileID: 0}
    - target: {fileID: 4344198105293625403, guid: 1f1ccc4643fc14af5804fdf114a74c9d,
        type: 3}
      propertyPath: m_AnchorMin.x
      value: 0
      objectReference: {fileID: 0}
    - target: {fileID: 4344198105293625403, guid: 1f1ccc4643fc14af5804fdf114a74c9d,
        type: 3}
      propertyPath: m_AnchorMin.y
      value: 0
      objectReference: {fileID: 0}
    - target: {fileID: 4344198105293625403, guid: 1f1ccc4643fc14af5804fdf114a74c9d,
        type: 3}
      propertyPath: m_AnchorMax.x
      value: 1
      objectReference: {fileID: 0}
    - target: {fileID: 4344198105293625403, guid: 1f1ccc4643fc14af5804fdf114a74c9d,
        type: 3}
      propertyPath: m_AnchorMax.y
      value: 1
      objectReference: {fileID: 0}
    - target: {fileID: 4344198105293625403, guid: 1f1ccc4643fc14af5804fdf114a74c9d,
        type: 3}
      propertyPath: m_Pivot.x
      value: 0.5
      objectReference: {fileID: 0}
    - target: {fileID: 4344198105293625403, guid: 1f1ccc4643fc14af5804fdf114a74c9d,
        type: 3}
      propertyPath: m_Pivot.y
      value: 0.5
      objectReference: {fileID: 0}
    - target: {fileID: 4562232592377996643, guid: 1f1ccc4643fc14af5804fdf114a74c9d,
        type: 3}
      propertyPath: m_Name
      value: NavigationCell
      objectReference: {fileID: 0}
    - target: {fileID: 6271233729904176451, guid: 1f1ccc4643fc14af5804fdf114a74c9d,
        type: 3}
      propertyPath: m_AnchoredPosition.x
      value: 60
      objectReference: {fileID: 0}
    - target: {fileID: 6271233729904176451, guid: 1f1ccc4643fc14af5804fdf114a74c9d,
        type: 3}
      propertyPath: m_SizeDelta.x
      value: -120
      objectReference: {fileID: 0}
    - target: {fileID: 6271233729904176451, guid: 1f1ccc4643fc14af5804fdf114a74c9d,
        type: 3}
      propertyPath: m_AnchoredPosition.y
      value: 0
      objectReference: {fileID: 0}
    - target: {fileID: 6271233729904176451, guid: 1f1ccc4643fc14af5804fdf114a74c9d,
        type: 3}
      propertyPath: m_SizeDelta.y
      value: 0
      objectReference: {fileID: 0}
    - target: {fileID: 6437572613795944320, guid: 1f1ccc4643fc14af5804fdf114a74c9d,
        type: 3}
      propertyPath: m_AnchoredPosition.x
      value: 0
      objectReference: {fileID: 0}
    - target: {fileID: 6437572613795944320, guid: 1f1ccc4643fc14af5804fdf114a74c9d,
        type: 3}
      propertyPath: m_AnchoredPosition.y
      value: 0
      objectReference: {fileID: 0}
    - target: {fileID: 6437572613795944320, guid: 1f1ccc4643fc14af5804fdf114a74c9d,
        type: 3}
      propertyPath: m_SizeDelta.x
      value: 0
      objectReference: {fileID: 0}
    - target: {fileID: 6437572613795944320, guid: 1f1ccc4643fc14af5804fdf114a74c9d,
        type: 3}
      propertyPath: m_SizeDelta.y
      value: 0
      objectReference: {fileID: 0}
    - target: {fileID: 6620195409517805714, guid: 1f1ccc4643fc14af5804fdf114a74c9d,
        type: 3}
      propertyPath: m_Color.r
      value: 0.2
      objectReference: {fileID: 0}
    - target: {fileID: 6620195409517805714, guid: 1f1ccc4643fc14af5804fdf114a74c9d,
        type: 3}
      propertyPath: m_Color.g
      value: 0.29803923
      objectReference: {fileID: 0}
    - target: {fileID: 6620195409517805714, guid: 1f1ccc4643fc14af5804fdf114a74c9d,
        type: 3}
      propertyPath: m_Color.b
      value: 0.3529412
      objectReference: {fileID: 0}
    - target: {fileID: 6655907072658627972, guid: 1f1ccc4643fc14af5804fdf114a74c9d,
        type: 3}
      propertyPath: m_AnchoredPosition.x
      value: 36
      objectReference: {fileID: 0}
    - target: {fileID: 6655907072658627972, guid: 1f1ccc4643fc14af5804fdf114a74c9d,
        type: 3}
      propertyPath: m_SizeDelta.x
      value: -72
      objectReference: {fileID: 0}
    - target: {fileID: 6655907072658627972, guid: 1f1ccc4643fc14af5804fdf114a74c9d,
        type: 3}
      propertyPath: m_AnchoredPosition.y
      value: 0
      objectReference: {fileID: 0}
    - target: {fileID: 6655907072658627972, guid: 1f1ccc4643fc14af5804fdf114a74c9d,
        type: 3}
      propertyPath: m_SizeDelta.y
      value: 0
      objectReference: {fileID: 0}
    - target: {fileID: 7099350408944727183, guid: 1f1ccc4643fc14af5804fdf114a74c9d,
        type: 3}
      propertyPath: m_Text
      value: Navigation
      objectReference: {fileID: 0}
    - target: {fileID: 7347412038514896463, guid: 1f1ccc4643fc14af5804fdf114a74c9d,
        type: 3}
      propertyPath: m_AnchoredPosition.x
      value: 0
      objectReference: {fileID: 0}
    - target: {fileID: 7347412038514896463, guid: 1f1ccc4643fc14af5804fdf114a74c9d,
        type: 3}
      propertyPath: m_SizeDelta.x
      value: 0
      objectReference: {fileID: 0}
    - target: {fileID: 7347412038514896463, guid: 1f1ccc4643fc14af5804fdf114a74c9d,
        type: 3}
      propertyPath: m_AnchoredPosition.y
      value: 0
      objectReference: {fileID: 0}
    - target: {fileID: 7347412038514896463, guid: 1f1ccc4643fc14af5804fdf114a74c9d,
        type: 3}
      propertyPath: m_SizeDelta.y
      value: 0
      objectReference: {fileID: 0}
    - target: {fileID: 8305254000259737565, guid: 1f1ccc4643fc14af5804fdf114a74c9d,
        type: 3}
      propertyPath: Button
      value: 
      objectReference: {fileID: 786232790390969}
    - target: {fileID: 8305254000259737565, guid: 1f1ccc4643fc14af5804fdf114a74c9d,
        type: 3}
      propertyPath: TitleLabelView
      value: 
      objectReference: {fileID: 6754480082519129308}
    - target: {fileID: 8330005358446156553, guid: 1f1ccc4643fc14af5804fdf114a74c9d,
        type: 3}
      propertyPath: m_AnchorMin.y
      value: 0.5
      objectReference: {fileID: 0}
    - target: {fileID: 8330005358446156553, guid: 1f1ccc4643fc14af5804fdf114a74c9d,
        type: 3}
      propertyPath: m_AnchorMax.x
      value: 0
      objectReference: {fileID: 0}
    - target: {fileID: 8330005358446156553, guid: 1f1ccc4643fc14af5804fdf114a74c9d,
        type: 3}
      propertyPath: m_AnchorMax.y
      value: 0.5
      objectReference: {fileID: 0}
    - target: {fileID: 8330005358446156553, guid: 1f1ccc4643fc14af5804fdf114a74c9d,
        type: 3}
      propertyPath: m_AnchoredPosition.x
      value: 36
      objectReference: {fileID: 0}
    - target: {fileID: 8330005358446156553, guid: 1f1ccc4643fc14af5804fdf114a74c9d,
        type: 3}
      propertyPath: m_AnchoredPosition.y
      value: 0
      objectReference: {fileID: 0}
    - target: {fileID: 8330005358446156553, guid: 1f1ccc4643fc14af5804fdf114a74c9d,
        type: 3}
      propertyPath: m_SizeDelta.x
      value: 48
      objectReference: {fileID: 0}
    - target: {fileID: 8330005358446156553, guid: 1f1ccc4643fc14af5804fdf114a74c9d,
        type: 3}
      propertyPath: m_SizeDelta.y
      value: 48
      objectReference: {fileID: 0}
    - target: {fileID: 8330005358446156553, guid: 1f1ccc4643fc14af5804fdf114a74c9d,
        type: 3}
      propertyPath: m_Pivot.x
      value: 0
      objectReference: {fileID: 0}
    m_RemovedComponents:
    - {fileID: 1772632828046547753, guid: 1f1ccc4643fc14af5804fdf114a74c9d, type: 3}
  m_SourcePrefab: {fileID: 100100000, guid: 1f1ccc4643fc14af5804fdf114a74c9d, type: 3}
--- !u!1 &3976535982461020676 stripped
GameObject:
  m_CorrespondingSourceObject: {fileID: 4562232592377996643, guid: 1f1ccc4643fc14af5804fdf114a74c9d,
    type: 3}
  m_PrefabInstance: {fileID: 612261085856370535}
  m_PrefabAsset: {fileID: 0}
--- !u!224 &3762336511940368220 stripped
RectTransform:
  m_CorrespondingSourceObject: {fileID: 4344198105293625403, guid: 1f1ccc4643fc14af5804fdf114a74c9d,
    type: 3}
  m_PrefabInstance: {fileID: 612261085856370535}
  m_PrefabAsset: {fileID: 0}
--- !u!114 &6025913557877491549 stripped
MonoBehaviour:
  m_CorrespondingSourceObject: {fileID: 6620124614166841402, guid: 1f1ccc4643fc14af5804fdf114a74c9d,
    type: 3}
  m_PrefabInstance: {fileID: 612261085856370535}
  m_PrefabAsset: {fileID: 0}
  m_GameObject: {fileID: 0}
  m_Enabled: 1
  m_EditorHideFlags: 0
  m_Script: {fileID: 11500000, guid: 1d950689e3118422289902f0adf6a8ab, type: 3}
  m_Name: 
  m_EditorClassIdentifier: 
--- !u!114 &8749541788485684180 stripped
MonoBehaviour:
  m_CorrespondingSourceObject: {fileID: 8148047263976096947, guid: 1f1ccc4643fc14af5804fdf114a74c9d,
    type: 3}
  m_PrefabInstance: {fileID: 612261085856370535}
  m_PrefabAsset: {fileID: 0}
  m_GameObject: {fileID: 0}
  m_Enabled: 1
  m_EditorHideFlags: 0
  m_Script: {fileID: 11500000, guid: 1d950689e3118422289902f0adf6a8ab, type: 3}
  m_Name: 
  m_EditorClassIdentifier: 
--- !u!114 &6805981678859001649 stripped
MonoBehaviour:
  m_CorrespondingSourceObject: {fileID: 6200476404769263702, guid: 1f1ccc4643fc14af5804fdf114a74c9d,
    type: 3}
  m_PrefabInstance: {fileID: 612261085856370535}
  m_PrefabAsset: {fileID: 0}
  m_GameObject: {fileID: 0}
  m_Enabled: 1
  m_EditorHideFlags: 0
  m_Script: {fileID: 11500000, guid: dfcd5922a19545f7bfb05caaaf4201ef, type: 3}
  m_Name: 
  m_EditorClassIdentifier: 
--- !u!114 &876093340500980187 stripped
MonoBehaviour:
  m_CorrespondingSourceObject: {fileID: 312914922942430908, guid: 1f1ccc4643fc14af5804fdf114a74c9d,
    type: 3}
  m_PrefabInstance: {fileID: 612261085856370535}
  m_PrefabAsset: {fileID: 0}
  m_GameObject: {fileID: 0}
  m_Enabled: 1
  m_EditorHideFlags: 0
  m_Script: {fileID: 11500000, guid: dfcd5922a19545f7bfb05caaaf4201ef, type: 3}
  m_Name: 
  m_EditorClassIdentifier: 
--- !u!114 &786232790390969 stripped
MonoBehaviour:
  m_CorrespondingSourceObject: {fileID: 611921263449675742, guid: 1f1ccc4643fc14af5804fdf114a74c9d,
    type: 3}
  m_PrefabInstance: {fileID: 612261085856370535}
  m_PrefabAsset: {fileID: 0}
  m_GameObject: {fileID: 0}
  m_Enabled: 1
  m_EditorHideFlags: 0
  m_Script: {fileID: 11500000, guid: 4e29b1a8efbd4b44bb3f3716e73f07ff, type: 3}
  m_Name: 
  m_EditorClassIdentifier: 
--- !u!114 &8880254813919258810 stripped
MonoBehaviour:
  m_CorrespondingSourceObject: {fileID: 8305254000259737565, guid: 1f1ccc4643fc14af5804fdf114a74c9d,
    type: 3}
  m_PrefabInstance: {fileID: 612261085856370535}
  m_PrefabAsset: {fileID: 0}
  m_GameObject: {fileID: 0}
  m_Enabled: 1
  m_EditorHideFlags: 0
  m_Script: {fileID: 11500000, guid: b50a7b09900194936814cffefcdd957a, type: 3}
  m_Name: 
  m_EditorClassIdentifier: 
--- !u!114 &6754480082519129308 stripped
MonoBehaviour:
  m_CorrespondingSourceObject: {fileID: 6179936974934340539, guid: 1f1ccc4643fc14af5804fdf114a74c9d,
    type: 3}
  m_PrefabInstance: {fileID: 612261085856370535}
  m_PrefabAsset: {fileID: 0}
  m_GameObject: {fileID: 0}
  m_Enabled: 1
  m_EditorHideFlags: 0
  m_Script: {fileID: 11500000, guid: dfcd5922a19545f7bfb05caaaf4201ef, type: 3}
  m_Name: 
  m_EditorClassIdentifier: 
--- !u!114 &2014910045107528433 stripped
MonoBehaviour:
  m_CorrespondingSourceObject: {fileID: 1407751139889491350, guid: 1f1ccc4643fc14af5804fdf114a74c9d,
    type: 3}
  m_PrefabInstance: {fileID: 612261085856370535}
  m_PrefabAsset: {fileID: 0}
  m_GameObject: {fileID: 0}
  m_Enabled: 1
  m_EditorHideFlags: 0
  m_Script: {fileID: 11500000, guid: 1d950689e3118422289902f0adf6a8ab, type: 3}
  m_Name: 
  m_EditorClassIdentifier: 
--- !u!1001 &1665789353225368748
PrefabInstance:
  m_ObjectHideFlags: 0
  serializedVersion: 2
  m_Modification:
    m_TransformParent: {fileID: 3762336511940368220}
    m_Modifications:
    - target: {fileID: 10801272728820171, guid: 05200b597875a4623abb5eb5aa0a626c,
        type: 3}
      propertyPath: m_Sprite
      value: 
      objectReference: {fileID: 21300000, guid: 7fb2e0159cf5f412db48535879f35314,
        type: 3}
    - target: {fileID: 10801272728820171, guid: 05200b597875a4623abb5eb5aa0a626c,
        type: 3}
      propertyPath: m_Color.r
      value: 1
      objectReference: {fileID: 0}
    - target: {fileID: 10801272728820171, guid: 05200b597875a4623abb5eb5aa0a626c,
        type: 3}
      propertyPath: m_Color.g
      value: 1
      objectReference: {fileID: 0}
    - target: {fileID: 10801272728820171, guid: 05200b597875a4623abb5eb5aa0a626c,
        type: 3}
      propertyPath: m_Color.b
      value: 1
      objectReference: {fileID: 0}
    - target: {fileID: 10801272728820171, guid: 05200b597875a4623abb5eb5aa0a626c,
        type: 3}
      propertyPath: m_Color.a
      value: 1
      objectReference: {fileID: 0}
    - target: {fileID: 123517271215076225, guid: 05200b597875a4623abb5eb5aa0a626c,
        type: 3}
      propertyPath: m_Name
      value: ValueIconView
      objectReference: {fileID: 0}
    - target: {fileID: 185144329291810203, guid: 05200b597875a4623abb5eb5aa0a626c,
        type: 3}
      propertyPath: m_Interactable
      value: 0
      objectReference: {fileID: 0}
    - target: {fileID: 193423037120614105, guid: 05200b597875a4623abb5eb5aa0a626c,
        type: 3}
      propertyPath: m_LocalPosition.x
      value: 0
      objectReference: {fileID: 0}
    - target: {fileID: 193423037120614105, guid: 05200b597875a4623abb5eb5aa0a626c,
        type: 3}
      propertyPath: m_LocalPosition.y
      value: 0
      objectReference: {fileID: 0}
    - target: {fileID: 193423037120614105, guid: 05200b597875a4623abb5eb5aa0a626c,
        type: 3}
      propertyPath: m_LocalPosition.z
      value: 0
      objectReference: {fileID: 0}
    - target: {fileID: 193423037120614105, guid: 05200b597875a4623abb5eb5aa0a626c,
        type: 3}
      propertyPath: m_LocalRotation.x
      value: 0
      objectReference: {fileID: 0}
    - target: {fileID: 193423037120614105, guid: 05200b597875a4623abb5eb5aa0a626c,
        type: 3}
      propertyPath: m_LocalRotation.y
      value: 0
      objectReference: {fileID: 0}
    - target: {fileID: 193423037120614105, guid: 05200b597875a4623abb5eb5aa0a626c,
        type: 3}
      propertyPath: m_LocalRotation.z
      value: 0
      objectReference: {fileID: 0}
    - target: {fileID: 193423037120614105, guid: 05200b597875a4623abb5eb5aa0a626c,
        type: 3}
      propertyPath: m_LocalRotation.w
      value: 1
      objectReference: {fileID: 0}
    - target: {fileID: 193423037120614105, guid: 05200b597875a4623abb5eb5aa0a626c,
        type: 3}
      propertyPath: m_RootOrder
      value: 6
      objectReference: {fileID: 0}
    - target: {fileID: 193423037120614105, guid: 05200b597875a4623abb5eb5aa0a626c,
        type: 3}
      propertyPath: m_LocalEulerAnglesHint.x
      value: 0
      objectReference: {fileID: 0}
    - target: {fileID: 193423037120614105, guid: 05200b597875a4623abb5eb5aa0a626c,
        type: 3}
      propertyPath: m_LocalEulerAnglesHint.y
      value: 0
      objectReference: {fileID: 0}
    - target: {fileID: 193423037120614105, guid: 05200b597875a4623abb5eb5aa0a626c,
        type: 3}
      propertyPath: m_LocalEulerAnglesHint.z
      value: 0
      objectReference: {fileID: 0}
    - target: {fileID: 193423037120614105, guid: 05200b597875a4623abb5eb5aa0a626c,
        type: 3}
      propertyPath: m_AnchoredPosition.x
      value: -36
      objectReference: {fileID: 0}
    - target: {fileID: 193423037120614105, guid: 05200b597875a4623abb5eb5aa0a626c,
        type: 3}
      propertyPath: m_AnchoredPosition.y
      value: 0
      objectReference: {fileID: 0}
    - target: {fileID: 193423037120614105, guid: 05200b597875a4623abb5eb5aa0a626c,
        type: 3}
      propertyPath: m_SizeDelta.x
      value: 12
      objectReference: {fileID: 0}
    - target: {fileID: 193423037120614105, guid: 05200b597875a4623abb5eb5aa0a626c,
        type: 3}
      propertyPath: m_SizeDelta.y
      value: 48
      objectReference: {fileID: 0}
    - target: {fileID: 193423037120614105, guid: 05200b597875a4623abb5eb5aa0a626c,
        type: 3}
      propertyPath: m_AnchorMin.x
      value: 1
      objectReference: {fileID: 0}
    - target: {fileID: 193423037120614105, guid: 05200b597875a4623abb5eb5aa0a626c,
        type: 3}
      propertyPath: m_AnchorMin.y
      value: 0.5
      objectReference: {fileID: 0}
    - target: {fileID: 193423037120614105, guid: 05200b597875a4623abb5eb5aa0a626c,
        type: 3}
      propertyPath: m_AnchorMax.x
      value: 1
      objectReference: {fileID: 0}
    - target: {fileID: 193423037120614105, guid: 05200b597875a4623abb5eb5aa0a626c,
        type: 3}
      propertyPath: m_AnchorMax.y
      value: 0.5
      objectReference: {fileID: 0}
    - target: {fileID: 193423037120614105, guid: 05200b597875a4623abb5eb5aa0a626c,
        type: 3}
      propertyPath: m_Pivot.x
      value: 1
      objectReference: {fileID: 0}
    - target: {fileID: 193423037120614105, guid: 05200b597875a4623abb5eb5aa0a626c,
        type: 3}
      propertyPath: m_Pivot.y
      value: 0.5
      objectReference: {fileID: 0}
    m_RemovedComponents: []
  m_SourcePrefab: {fileID: 100100000, guid: 05200b597875a4623abb5eb5aa0a626c, type: 3}
--- !u!114 &1673243120402736591 stripped
MonoBehaviour:
  m_CorrespondingSourceObject: {fileID: 10871249351250275, guid: 05200b597875a4623abb5eb5aa0a626c,
    type: 3}
  m_PrefabInstance: {fileID: 1665789353225368748}
  m_PrefabAsset: {fileID: 0}
  m_GameObject: {fileID: 0}
  m_Enabled: 1
  m_EditorHideFlags: 0
  m_Script: {fileID: 11500000, guid: 1d950689e3118422289902f0adf6a8ab, type: 3}
  m_Name: 
  m_EditorClassIdentifier: 
--- !u!114 &1673172078678748519 stripped
MonoBehaviour:
  m_CorrespondingSourceObject: {fileID: 10801272728820171, guid: 05200b597875a4623abb5eb5aa0a626c,
    type: 3}
  m_PrefabInstance: {fileID: 1665789353225368748}
  m_PrefabAsset: {fileID: 0}
  m_GameObject: {fileID: 0}
  m_Enabled: 1
  m_EditorHideFlags: 0
  m_Script: {fileID: 11500000, guid: fe87c0e1cc204ed48ad3b37840f39efc, type: 3}
  m_Name: 
  m_EditorClassIdentifier: 
--- !u!1001 &6300332872452937992
PrefabInstance:
  m_ObjectHideFlags: 0
  serializedVersion: 2
  m_Modification:
    m_TransformParent: {fileID: 3762336511940368220}
    m_Modifications:
    - target: {fileID: 2658968260573534627, guid: 80ef6ead46cdf484e81f1cbdb31b8764,
        type: 3}
      propertyPath: m_fontAsset
      value: 
      objectReference: {fileID: 11400000, guid: 8f586378b4e144a9851e7b34d9b748ee,
        type: 2}
    - target: {fileID: 2658968260573534627, guid: 80ef6ead46cdf484e81f1cbdb31b8764,
        type: 3}
      propertyPath: m_textAlignment
      value: 516
      objectReference: {fileID: 0}
    - target: {fileID: 8777499973326433752, guid: 80ef6ead46cdf484e81f1cbdb31b8764,
        type: 3}
      propertyPath: m_Interactable
      value: 0
      objectReference: {fileID: 0}
    - target: {fileID: 8777499973326433752, guid: 80ef6ead46cdf484e81f1cbdb31b8764,
        type: 3}
      propertyPath: m_BlocksRaycasts
      value: 0
      objectReference: {fileID: 0}
    - target: {fileID: 8786838755352848026, guid: 80ef6ead46cdf484e81f1cbdb31b8764,
        type: 3}
      propertyPath: m_LocalPosition.x
      value: 0
      objectReference: {fileID: 0}
    - target: {fileID: 8786838755352848026, guid: 80ef6ead46cdf484e81f1cbdb31b8764,
        type: 3}
      propertyPath: m_LocalPosition.y
      value: 0
      objectReference: {fileID: 0}
    - target: {fileID: 8786838755352848026, guid: 80ef6ead46cdf484e81f1cbdb31b8764,
        type: 3}
      propertyPath: m_LocalPosition.z
      value: 0
      objectReference: {fileID: 0}
    - target: {fileID: 8786838755352848026, guid: 80ef6ead46cdf484e81f1cbdb31b8764,
        type: 3}
      propertyPath: m_LocalRotation.x
      value: 0
      objectReference: {fileID: 0}
    - target: {fileID: 8786838755352848026, guid: 80ef6ead46cdf484e81f1cbdb31b8764,
        type: 3}
      propertyPath: m_LocalRotation.y
      value: 0
      objectReference: {fileID: 0}
    - target: {fileID: 8786838755352848026, guid: 80ef6ead46cdf484e81f1cbdb31b8764,
        type: 3}
      propertyPath: m_LocalRotation.z
      value: 0
      objectReference: {fileID: 0}
    - target: {fileID: 8786838755352848026, guid: 80ef6ead46cdf484e81f1cbdb31b8764,
        type: 3}
      propertyPath: m_LocalRotation.w
      value: 1
      objectReference: {fileID: 0}
    - target: {fileID: 8786838755352848026, guid: 80ef6ead46cdf484e81f1cbdb31b8764,
        type: 3}
      propertyPath: m_RootOrder
      value: 5
      objectReference: {fileID: 0}
    - target: {fileID: 8786838755352848026, guid: 80ef6ead46cdf484e81f1cbdb31b8764,
        type: 3}
      propertyPath: m_LocalEulerAnglesHint.x
      value: 0
      objectReference: {fileID: 0}
    - target: {fileID: 8786838755352848026, guid: 80ef6ead46cdf484e81f1cbdb31b8764,
        type: 3}
      propertyPath: m_LocalEulerAnglesHint.y
      value: 0
      objectReference: {fileID: 0}
    - target: {fileID: 8786838755352848026, guid: 80ef6ead46cdf484e81f1cbdb31b8764,
        type: 3}
      propertyPath: m_LocalEulerAnglesHint.z
      value: 0
      objectReference: {fileID: 0}
    - target: {fileID: 8786838755352848026, guid: 80ef6ead46cdf484e81f1cbdb31b8764,
        type: 3}
      propertyPath: m_AnchoredPosition.x
      value: -60
      objectReference: {fileID: 0}
    - target: {fileID: 8786838755352848026, guid: 80ef6ead46cdf484e81f1cbdb31b8764,
        type: 3}
      propertyPath: m_AnchoredPosition.y
      value: 0
      objectReference: {fileID: 0}
    - target: {fileID: 8786838755352848026, guid: 80ef6ead46cdf484e81f1cbdb31b8764,
        type: 3}
      propertyPath: m_SizeDelta.x
      value: 200
      objectReference: {fileID: 0}
    - target: {fileID: 8786838755352848026, guid: 80ef6ead46cdf484e81f1cbdb31b8764,
        type: 3}
      propertyPath: m_SizeDelta.y
      value: 0
      objectReference: {fileID: 0}
    - target: {fileID: 8786838755352848026, guid: 80ef6ead46cdf484e81f1cbdb31b8764,
        type: 3}
      propertyPath: m_AnchorMin.x
      value: 1
      objectReference: {fileID: 0}
    - target: {fileID: 8786838755352848026, guid: 80ef6ead46cdf484e81f1cbdb31b8764,
        type: 3}
      propertyPath: m_AnchorMin.y
      value: 0
      objectReference: {fileID: 0}
    - target: {fileID: 8786838755352848026, guid: 80ef6ead46cdf484e81f1cbdb31b8764,
        type: 3}
      propertyPath: m_AnchorMax.x
      value: 1
      objectReference: {fileID: 0}
    - target: {fileID: 8786838755352848026, guid: 80ef6ead46cdf484e81f1cbdb31b8764,
        type: 3}
      propertyPath: m_AnchorMax.y
      value: 1
      objectReference: {fileID: 0}
    - target: {fileID: 8786838755352848026, guid: 80ef6ead46cdf484e81f1cbdb31b8764,
        type: 3}
      propertyPath: m_Pivot.x
      value: 1
      objectReference: {fileID: 0}
    - target: {fileID: 8786838755352848026, guid: 80ef6ead46cdf484e81f1cbdb31b8764,
        type: 3}
      propertyPath: m_Pivot.y
      value: 0.5
      objectReference: {fileID: 0}
    - target: {fileID: 8856575219551493058, guid: 80ef6ead46cdf484e81f1cbdb31b8764,
        type: 3}
      propertyPath: m_Name
      value: ValueLabelProView
      objectReference: {fileID: 0}
    m_RemovedComponents: []
  m_SourcePrefab: {fileID: 100100000, guid: 80ef6ead46cdf484e81f1cbdb31b8764, type: 3}
--- !u!114 &8013007700785543173 stripped
MonoBehaviour:
  m_CorrespondingSourceObject: {fileID: 4061309330485190925, guid: 80ef6ead46cdf484e81f1cbdb31b8764,
    type: 3}
  m_PrefabInstance: {fileID: 6300332872452937992}
  m_PrefabAsset: {fileID: 0}
  m_GameObject: {fileID: 0}
  m_Enabled: 1
  m_EditorHideFlags: 0
  m_Script: {fileID: 11500000, guid: dfcd5922a19545f7bfb05caaaf4201ef, type: 3}
  m_Name: 
  m_EditorClassIdentifier: 
